@online{confetti,
    title = "Confetti effect",
    url  = "https://www.cssscript.com/confetti-falling-animation/",
}

@online{minesweeper,
    title = "Basic Minesweeper Code",
    url  = "https://arghac14.github.io/Minesweeper/",
}
@online{slider,
    title = "Sliders from W3Schools",
    url  = "https://www.w3schools.com/howto/howto_js_rangeslider.asp ",
}

@online{navbar,
    title = "Navbar from W3Schools",
    url  = "https://www.w3schools.com/howto/howto_js_navbar_sticky.asp",
}